<?xml version="1.0" encoding="UTF-8"?><collection xmlns="http://www.loc.gov/MARC21/slim"><record><leader>00389nam--2200145-i-4500</leader><controlfield tag="001">000041339</controlfield><controlfield tag="002">20161230</controlfield><controlfield tag="005">20161230201043</controlfield><controlfield tag="008">060222s1000------------r-----000-0-eng-d</controlfield><datafield ind1="1" ind2=" " tag="100"><subfield code="a">Shankland,Robert S</subfield></datafield><datafield ind1="1" ind2="0" tag="245"><subfield code="a">Atomic and nuclear physics</subfield><subfield code="c">Roberts. shankland</subfield></datafield><datafield ind1=" " ind2=" " tag="260"><subfield code="a">New York</subfield><subfield code="b">The Macmillan Co</subfield><subfield code="c">1960</subfield></datafield><datafield ind1=" " ind2=" " tag="300"><subfield code="a">XVI + 665 P</subfield></datafield><datafield ind1=" " ind2=" " tag="852"><subfield code="a">14279</subfield><subfield code="c">539</subfield></datafield><datafield ind1=" " ind2=" " tag="CAT"><subfield code="a">Sys</subfield><subfield code="c">20110927</subfield><subfield code="h">084258</subfield></datafield></record></collection>